<?xml version="1.0" encoding="UTF-8"?><collection xmlns="http://www.loc.gov/MARC21/slim"><record><leader>00419nam--2200133-i-4500</leader><controlfield tag="001">000016440</controlfield><controlfield tag="002">20161230</controlfield><controlfield tag="005">20161230201031</controlfield><controlfield tag="008">060222s1000------------r-----000-0-eng-d</controlfield><datafield ind1=" " ind2=" " tag="080"><subfield code="a">621.375.826 (043)</subfield></datafield><datafield ind1=" " ind2=" " tag="100"><subfield code="a">Aurel, Andrei Victor</subfield></datafield><datafield ind1=" " ind2=" " tag="245"><subfield code="a">Cercetari privind fizica suprafetelor supuse iradierii cu laseri. rezumatul tezei de doctorat</subfield></datafield><datafield ind1=" " ind2=" " tag="260"><subfield code="a">Bucuresti, Institutul De Fizica Atomica, 1995 30 P</subfield></datafield><datafield ind1=" " ind2=" " tag="852"><subfield code="a">80343</subfield></datafield></record></collection>